@book{,
title = {{}},
publisher = {},
year = {},
edition = {},
author = {{}},
}

@online{,
url = {},
title = {{}},
titleaddon = {},
author = {{}},
date = {},
urldate = {},
}

@article{,
author = {{}},
title = {{}},
journal = {},
volume = {},
pages = {},
year = {},
url = {},
urldate = {},
}

@book{,
author = {{}},
title = {{}},
subtitle = {{}},
maintitle = {{}},
publisher = {{}},
chapter = {},
pages = {},
doi = {},
url = {},
urldate = {},
year = {},
}
