@online{seneca,
url = {https://senecalearning.com/en-GB/revision-notes/a-level/maths/edexcel/pure-maths/4-2-9-sum-to-infinity-of-a-geometric-series},
title = {{Sum to Infinity of a Geometric Series---Maths}},
titleaddon = {{Edexcel A Level Pure Maths}},
author = {---},
date = {n d},
urldate = {2024-07-28},
}

@online{socratic,
url = {https://socratic.org/questions/58c80a37b72cff29df40c794},
title = {{Are there more rational numbers than irrational numbers?}},
titleaddon = {{Socratic}},
author = {{George C}},
date = {2017-03-24},
urldate = {2024-07-28},
}

@online{cepelewicz2024,
url = {https://www.quantamagazine.org/how-the-square-root-of-2-became-a-number-20240621/},
title = {{How the Square Root of 2 Became a Number}},
titleaddon = {{Quanta Magazine}},
author = {Jordana Cepelewicz},
date = {2024-06-21},
urldate = {2024-07-29},
}

@online{bogomolny2018,
url = {https://www.cut-the-knot.org/proofs/sq_root.shtml},
title = {{Square root of 2 is irrational}},
author = {{Alexander Bogomolny}},
year = {2018},
urldate = {2024-07-29},
}

@online{clegg2004,
url = {https://nrich.maths.org/2671},
title = {{The Dangerous Ratio}},
author = {{Brian Clegg}},
year = {2004},
urldate = {2024-07-29},
}
@online{HSM-SE,
url = {https://hsm.stackexchange.com/questions/2/irrationality-of-the-square-root-of-2},
title = {{Irrationality of the square root of 2}},
titleaddon = {{History of Science and Mathematics Stack Exchange}},
author = {{Various}},
date = {2014-10-28},
urldate = {2024-07-29},
}


