@online{brown-2017,
url = {https://www.mathpages.com/home/kmath091.htm},
title = {Additive and Multiplicative Partitions},
author = {Kevin Brown},
date = {2017-12-02},
urldate = {2023-03-19},
}

@article{dodd-1987,
author = {{F W Dodd} and L E Mattics},
title = {Estimating the number of multiplicative partitions},
journal = {Rocky Mountain Journal of Mathematics},
volume = {17},
number = {4},
pages = {797--813},
year = {1987},
}
