@book{piSource,
author =        {Lennart Berggren and Jonathan Borwein and Peter Borwein},
title =         "Pi: A Source Book",
edition =       {3},
publisher =     {Springer-Verlag},
year =          {2014},     
address =       {New York, NY, USA},
}

@book{beck71,
author =        {Petr Beckmann},
title =         {{A History of Pi}},
edition =       {2},
publisher =     {The Golem Press},
year =          {1997},
address =       {Boulder, CO, USA},
}

@book{banks99,
author =        {Robert B Banks},
title =         {Slicing pizzas, racing turtles and further adventures in applied mathematics},   
publisher =     {Princeton University Press},
year =          {1999},     
address =       {Princeton, NJ, USA},
}

@book{blat97,
author =        {David Blatner},
title =         {{The Joy of Pi}},   
publisher =     {Penguin Books},
year =          {1997},     
address =       {London, UK},
}

@book{heath02,
author =        {Thomas Heath},
title =         {{The Works of Archimedes}},   
publisher =     {Dover},
year =          {2002},     
address =       {New York, NY, USA},
}

@book{posleh04,
author =        {Alfred S Posamentier and Ingmar Lehmann},
title =         {{Pi: A Biography of the World's Most Mysterious Number}},   
publisher =     {Prometheus Books},
year =          {2004},     
address =       {Amherst, NY, USA},
}

@book{piSource,
author =        {Lennart Berggren and Jonathan Borwein and Peter Borwein},
title =         {{Pi: A Source Book}},
publisher =     {Springer-Verlag},
year =          {1997},     
address =       {New York, NY, USA},
}

@book{beck71,
author =        {Petr Beckmann},
title =         {{A History of Pi}},
edition =       {2},
publisher =     {The Golem Press},
year =          {1997},
address =       {Boulder, CO, USA},
}

@book{banks99,
author =        {Robert B Banks},
title =         {Slicing pizzas, racing turtles and further adventures in applied mathematics},   
publisher =     {Princeton University Press},
year =          {1999},     
address =       {Princeton, NJ, USA},
}

@book{blat97,
author =        {David Blatner},
title =         {{The Joy of Pi}},   
publisher =     {Penguin Books},
year =          {1997},     
address =       {London, UK},
}

@book{heath02,
author =        {Thomas Heath},
title =         {{The Works of Archimedes}},   
publisher =     {Dover},
year =          {2002},     
address =       {New York, NY, USA},
}

@book{posleh04,
author =        {Alfred S Posamentier and Ingmar Lehmann},
title =         {{Pi: A Biography of the World's Most Mysterious Number}},   
publisher =     {Prometheus Books},
year =          {2004},     
address =       {Amherst, NY, USA},
}

@misc{CRCencycmath,
author = 	{Eric W. Weisstein},
publisher = {Chapman and Hall},
title = {The CRC Encyclopedia of Mathematics: Three Volume Set},
edition = {3},
year = {2009},
}

@online{mathworldonline,
url = {https://mathworld.wolfram.com/},
title = "Wolfram MathWorld",
titleaddon = "The Web's Most Extensive Mathematics Resource",
author = "Eric Weisstein",
urldate = {2024-06-29},
}

@book{demorgan05,
author = {Augustus {De Morgan}},
title = {On the Study and Difficulties of Mathematics},
publisher = {Dover Publications},
address = {Mineola, NY, USA},
year = {2005},
edition = {{D}over {P}hoenix edition},
}

@online{damini-dhar-2020,
url = {https://publications.azimpremjiuniversity.edu.in/3356/1/02-DaminiAndAbhishek_PiIs22By7_Final.pdf},
title = {How Archimedes showed that pi is approximately 22 by 7},
author = {{Damini D B } and {Abhishek Dhar}},
journal = {{Azim Premji University At Right Angles}},
month = {03},
date = {2022},
urldate = {2024-07-02},
}

@online{bertrand2014,
url = {https://nonagon.org/ExLibris/archimedes-pi},
title = {{Archimedes and Pi}},
titleaddon = "Ex Libris",
author = {Mike Bertrand},
date = {2014-05-16},
urldate = {2024-07-05},
}

@online{half-angle,
url = {https://math.libretexts.org/Bookshelves/Algebra/Algebra_and_Trigonometry_1e_(OpenStax)/09:_Trigonometric_Identities_and_Equations/9.03:_Double-Angle_Half-Angle_and_Reduction_Formulas},
title = {{Algebra and Trigonometry}},
titleaddon = {{Double-Angle, Half-Angle, and Reduction Formulas}},
edition = {1},
author = {OpenStax},
urldate = {2024-07-06},
}
