https://www.google.com/search?q=why+is+epsilon+given+before+delta+in+the+definition+of+a+limit

http://www.milefoot.com/math/calculus/limits/DeltaEpsilonProofs03.htm

https://calcworkshop.com/limits/epsilon-delta-definition/

https://math.stackexchange.com/questions/4722353/does-the-epsilon-delta-definition-of-limits-truly-capture-our-intuitive-understa

https://courses.lumenlearning.com/calculus1/chapter/the-epsilon-delta-definition-of-a-limit/

https://www.quora.com/Why-is-it-that-in-the-epsilon-delta-definition-of-a-limit-we-are-essentially-given-Epsilon

https://www.quora.com/Why-in-the-epsilon-delta-definition-of-limit-is-Epsilon-pre-assigned-and-not-delta

https://www.quora.com/Why-does-the-epsilon-delta-definition-of-a-limit-start-with-for-every-epsilon-instead-of-for-every-delta

https://math.libretexts.org/Bookshelves/Calculus/Calculus_3e_(Apex)/01%3A_Limits/1.02%3A_Epsilon-Delta_Definition_of_a_Limit

https://math.libretexts.org/Courses/Mount_Royal_University/MATH_1200%3A_Calculus_for_Scientists_I/1%3A_Limit__and_Continuity_of_Functions/1.1%3A__Introduction_to_concept_of_a_limit
