@book{dedekind,
  title = {{Essays on the Theory of Numbers}},
  publisher = {Dover Publications},
  year = {1963},
  author = {{Richard Dedekind}},
}
