@article{bhatekak1993,
title = {{Pāṇini’s Grammar and Computer Science}},
author = {{Saroja Bhate and Subhash Kak}},
journal = {Annals of the Bhandarkar Oriental Research Institute},
volume = {72},
year = {1993},
pages = {79--94}
}


