@online{role2008,
title = {Discovery of a role for Nitric Oxide},
url = {http://www.reading.ac.uk/nitricoxide/intro/no/discovery.htm},
author = {Phil Dash},
date = {2008-09-15},
urldate = {2021-05-17},
}
