@article {Koshland1861,
	author = {Koshland, DE},
	title = {The molecule of the year},
	volume = {258},
	number = {5090},
	pages = {1861--1861},
	year = {1992},
	doi = {10.1126/science.1470903},
	publisher = {American Association for the Advancement of Science},
	issn = {0036-8075},
	URL = {https://science.sciencemag.org/content/258/5090/1861},
	eprint = {https://science.sciencemag.org/content/258/5090/1861.full.pdf},
	journal = {Science}
}
