@online{sas,
url = {https://swanlotus.netlify.app/sas-manuscript/SAS-partial.pdf},
title = {{Secrets of Academic Success}},
subtitle = {{Timeless Principles for Lifelong Learning}},
author = {{R (Chandra) Chandrasekhar}},
date = {2025},
urldate = {2025-02-11},
}
