@online{string2015,
url = {https://www.scientificamerican.com/article/is-string-theory-science/},
title = {{Is String Theory Science?}},
titleaddon = {A debate between physicists and philosophers could redefine the scientific method and our understanding of the universe},
author = {Davide Castelvecchi},
date = {2015-12-23},
urldate = {2020-11-11}
}
