@book{kalam-wof-1999,
title = {{Wings of Fire: An Autobiography}},
publisher = {Universities Press},
year = {1999},
author = {{APJ Abdul Kalam} and {A Tiwari}},
}

@online{kalam-wof-online,
url = {https://ati.dae.gov.in/ati12052021_8.pdf},
title = {{Wings of Fire: An Autobiography}},
author = {{APJ Abdul Kalam} and {A Tiwari}},
date = {2016},
urldate = {2023-01-29},
}

