@online{seneca,
url = {https://senecalearning.com/en-GB/revision-notes/a-level/maths/edexcel/pure-maths/4-2-9-sum-to-infinity-of-a-geometric-series},
title = {{Sum to Infinity of a Geometric Series}},
titleaddon = {{Maths Edexcel A Level Pure Maths}},
author = {---},
date = {n d},
urldate = {2024-07-28},
}

@online{socratic,
url = {https://socratic.org/questions/58c80a37b72cff29df40c794},
title = {{Are there more rational numbers than irrational numbers?}},
titleaddon = {{Socratic}},
author = {{George C}},
date = {2017-03-24},
urldate = {2024-07-28},
}

@online{cepelewicz2024,
url = {https://www.quantamagazine.org/how-the-square-root-of-2-became-a-number-20240621/},
title = {{How the Square Root of 2 Became a Number}},
titleaddon = {{Quanta Magazine}},
author = {Jordana Cepelewicz},
date = {2024-06-21},
urldate = {2024-07-29},
}

@online{bogomolny2018,
url = {https://www.cut-the-knot.org/proofs/sq_root.shtml},
title = {{Square root of 2 is irrational}},
author = {{Alexander Bogomolny}},
year = {2018},
urldate = {2024-07-29},
}

@online{clegg2004,
url = {https://nrich.maths.org/2671},
title = {{The Dangerous Ratio}},
author = {{Brian Clegg}},
year = {2004},
urldate = {2024-07-29},
}
@online{HSM-SE,
url = {https://hsm.stackexchange.com/questions/2/irrationality-of-the-square-root-of-2},
title = {{Irrationality of the square root of 2}},
titleaddon = {{History of Science and Mathematics Stack Exchange}},
author = {{Various}},
date = {2014-10-28},
urldate = {2024-07-29},
}

@online{swain2021,
url = {https://publications.azimpremjiuniversity.edu.in/2757/1/17_Mayadhar_TwoFamousSeriesForPI.pdf},
title = {Two Famous Series for π},
author = {{Mayadhar Swain}},
journal = {{Azim Premji University At Right Angles}},
month = {07},
date = {2021},
urldate = {2024-07-30},
}

@online{mathematics-of-pi,
url = {https://www.tandfonline.com/journals/uamm20/collections/Mathematics-of-Pi},
title = {{Mathematics of Pi}},
titleaddon = {Article Collection},
author = {{Various}},
date = {2022-11-11},
urldate = {2024-07-30},
}

@article{niven1939,
author = {{Ivan Niven}},
title = {The Transcendence of π},
journal = {{The American Mathematical Monthly}},
volume = {46},
number = {8},
pages = {469--471},
year = {1939},
publisher = {Taylor \& Francis},
doi = {10.1080/00029890.1939.11998903},
url = {https://fermatslibrary.com/s/the-transcendence-of-pi},
urldate = {2024-07-30},
}

@book{joseph2009,
title =     {{A Passage to Infinity}},
titleaddon = {{Medieval Indian Mathematics from Kerala and Its Impact}},
author =    {{George Gheverghese Joseph}},
publisher = {{SAGE Publications India Pvt Ltd}},
year =      {2009},
}

@article{roy1990,
author = {{Ranjan Roy}},
title = {{The Discovery of the Series Formula for π by Leibniz, Gregory and Nilakantha}},
journal = {{Mathematics Magazine}},
volume = {63},
number = {5},
pages = {291--306},
year = {1990},
publisher = {Taylor \& Francis},
doi = {10.1080/0025570X.1990.11977541},
url = {https://web.archive.org/web/20120224013439/http://mathdl.maa.org/images/upload_library/22/Allendoerfer/1991/0025570x.di021167.02p0073q.pdf},
urldate = {2024-07-30},
}

@inbook{roy2011,
author = {{Ranjan Roy}},
booktitle = {{Sources in the Development of Mathematics}},
booksubtitle = {{Series and Products from the Fifteenth to the Twenty-first Century}},
title = {{Power Series in Fifteenth-Century Kerala}},
publisher = {{Cambridge University Press }},
chapter = {1},
doi = {10.1017/CBO9780511844195},
url = {https://assets.cambridge.org/97805211/14707/excerpt/9780521114707_excerpt.pdf},
urldate = {2024-07-30},
year = {2011},
}

@book{joseph2011,
title =     {{The Crest of the Peacock}},
titleaddon = {{Non-European Roots of Mathematics}},
author =    {George Gheverghese Joseph},
publisher = {Princeton University Press},
year =      {2011},
edition =   {3},
}

@online{mayer2006,
url = {https://sixthform.info/maths/files/pitrans.pdf},
title = {{The Transcendence of π}},
author = {{Steve Mayer and Ian Stewart}},
year = {2006},
urldate = {2024-07-31},
}

@book{morris-jones-pearson-2022,
title =     {{Abstract Algebra and Famous Impossibilities}},
titleaddon = {{Squaring the Circle, Doubling the Cube, Trisecting an Angle, and Solving Quintic Equations}},
author =    {Sidney A Morris, Arthur Jones, Kenneth R Pearson},
publisher = {Springer},
year =      {2022},
series =    {Undergraduate Texts in Mathematics: Readings in Mathematics},
edition =   {2},
}

@online{chow2024,
url = {https://arxiv.org/html/2403.20140v1},
title = {{A Well-Motivated Proof That Pi Is Irrational}},
author = {{Timothy Y Chow }},
date = {2024-03-29},
urldate = {2024-07-31},
}

@online{madhava-wiki,
url = {https://en.wikipedia.org/wiki/Madhava_of_Sangamagrama},
title = {{Madhava of Sangamagrama}},
titleaddon = {{Wikipedia, The Free Encyclopedia}},
author = {{Wikipedia contributors}},
year = {2024},
urldate = {2024-07-31},
}

@online{libre-inv-trig-deriv,
url = {https://math.libretexts.org/Courses/Monroe_Community_College/MTH_210_Calculus_I_(Professor_Dean)/Chapter_3:_Derivatives/3._10:_Derivatives_of_Inverse_Trig_Functions},
title = {{Derivatives of Inverse Trig Functions}},
titleaddon = {Mathematics LibreTexts},
author = {{Gilbert Strang and Edwin “Jed” Herman and et al}},
date = {n d},
urldate = {2024-08-01},
}

@article{calcut2009,
author = {{Jack S Calcut}},
title = {{Gaussian Integers and Arctangent Identities for π}},
journal = {{The American Mathematical Monthly}},
volume = {116},
pages = {515--530},
year = {2009},
url = {https://www2.oberlin.edu/faculty/jcalcut/gausspi.pdf},
urldate = {2024-08-03},
}

@online{machin-like-wiki,
url = {https://en.wikipedia.org/wiki/Machin-like_formula},
title = {{Machin-like formula}},
titleaddon = {{Wikipedia, The Free Encyclopedia}},
author = {{Wikipedia contributors}},
year = {2024},
urldate = {2024-08-03},
}

@online{mse-machin-one,
url = {https://math.stackexchange.com/questions/44595/machins-formula-and-cousins},
title = {{Machin's formula and cousins}},
titleaddon = {Mathematics Stack Exchange},
author = {Various},
date = {2011-06-10},
urldate = {202408-03},
}

@online{mse-machin-two,
url = {https://math.stackexchange.com/questions/2209111/how-are-the-machin-pi-formulas-found},
title = {{How are the Machin Pi formulas found?}},
titleaddon = {{Mathematics Stack Exchange}},
author = {Various},
date = {2017-03-29},
urldate = {2024-08-03},
}

@online{leibniz-pi,
url = {https://en.wikipedia.org/wiki/Leibniz_formula_for_%CF%80},
title = {{Leibniz formula for π}},
titleaddon = {{Wikipedia, The Free Encyclopedia}},
author = {{Wikipedia contributors}},
year = {2024},
date = {2024-07-10},
urldate = {2024-08-05},
}

@online{machin-ten-places,
url = {https://www.youtube.com/watch?v=U6RLeNBgCj8},
title = {{Calculating pi to ten decimal places with Machin's formula}},
author = {{mathfacts271}},
date = {2020-03-17},
urldate = {2024-08-05},
}

@online{newton-binomial-pi,
url = {https://www.youtube.com/watch?v=gMlf1ELvRzc},
title = {{The Discovery That Transformed Pi}},
author = {{Veritasium}},
date = {2021-03-16},
urldate = {2024-11-28},
}

@online{strogatz-newton-2022,
url = {https://www.quantamagazine.org/how-isaac-newton-discovered-the-binomial-power-series-20220831/},
title = {{How Isaac Newton Discovered the Binomial Power Series}},
titleaddon = {{Quanta Magazine}},
author = {{Steven Strogatz}},
date = {2022-08-31},
urldate = {2024-08-05},
}

@online{rickey-2014,
url = {https://www.academia.edu/5891657/Machin_on_computing_%CF%80},
title = {{Machin’s Formula for Computing Pi}},
author = {{V Frederick Rickey}},
date = {2014-03-25},
urldate = {2024-08-06},
}

@online{schwartz-2012,
url = {https://www.math.brown.edu/reschwar/M10/machin.pdf},
title = {{Machin’s Method of Computing the Digits of π}},
titleaddon = {{}},
author = {{Richard Evan Schwartz}},
date = {2012-04-12},
urldate = {2024-08-07},
}

@article{lehmer-1938,
 doi       = {10.2307/2302434},
 title     = {{On Arccotangent Relations for π}},
 author    = {{D H Lehmer}},
 publisher = {{Mathematical Association of America}},
 journal   = {American Mathematical Monthly},
 issn      = {0002-9890,1930-0972},
 year      = {1938},
 volume    = {45},
 issue     = {10},
 pages     = {657--664},
 url       = {https://www.jstor.org/stable/2302434},
}

@article{birch-1946,
 doi       = {10.1112/jlms/s1-21.3.173},
 title     = {{An Algorithm for the Construction of Arctangent Relations}},
 author    = {{R H Birch}},
 publisher = {{Oxford University Press}},
 journal   = {{Journal of the London Mathematical Society}},
 issn      = {0024-6107,1469-7750},
 year      = {1946},
 volume    = {s1-21},
 issue     = {3},
 pages     = {173--174},
 url       = {http://doi.org/10.1112/jlms%2Fs1-21.3.173},
}

@online{wolfram-machin,
url = {https://www.wolframcloud.com/obj/exploration/MachinLike.nb},
title = {{A Wolfram Notebook Playing with Machin-Like Formulas}},
author = {{Wolfram Reaearch Inc.}},
date = {n.d.},
urldate = {2024-08-08},
}

@book{arndt-haenel-2001,
title =     {P{i --- Unleashed}},
author =    {Jörg Arndt and Christoph Haenel},
publisher = {Springer},
isbn =      {3540665722,9783540665724},
year =      {2001},
edition =   {2},
}


@article{stormer-1899,
     author = {Størmer, C.},
     title = {Solution compl\`ete en nombres entiers de l{\textquoteright}\'equation $m\arctan \frac{1}{x}+n\arctan \frac{1}{y}=k\frac{\pi }{4}$},
     journal = {Bulletin de la Soci\'et\'e Math\'ematique de France},
     pages = {160--170},
     publisher = {Soci\'et\'e math\'ematique de France},
     volume = {27},
     year = {1899},
     doi = {10.24033/bsmf.603},
     language = {fr},
     url = {http://www.numdam.org/articles/10.24033/bsmf.603/}
}

@book{conway-guy-1996,
title = {{The Book of Numbers}},
publisher = {Copernicus},
year = {1996},
author = {{John Horton Conway and Richard K Guy.}},
}

@book{stillwell-number-2003,
title = {{Elements of Number Theory}},
publisher = {Springer},
year = {2003},
author = {{John Stillwell}},
}

@article{wetherfield-1996,
author = {{Michael Wetherfield}},
title = {{The Enhancement of Machin's Formula by Todd's Process}},
journal = {{The Mathematical Gazette}},
volume = {80},
number = {488},
pages = {333--344},
year = {1996},
url = {http://www.jstor.org/stable/3619567},
urldate = {2024-08-15},
}

@online{viete-formula,
url = {https://en.wikipedia.org/wiki/Vi%C3%A8te%27s_formula},
title = {{Viète's formula}},
author = {{Wikipedia contributors}},
year = {2024},
urldate = {2024-11-28},
}

@online{van-ceulen-memorial,
url = {https://www.atlasobscura.com/places/ludolph-van-ceulen-memorial-leiden},
title = {{Ludolph van Ceulen Memorial: Leiden, Netherlands}},
titleaddon = {{Atlas Obscura}},
author = {{}},
date = {},
urldate = {},
}

@online{van-ceulen,
url = {https://en.wikipedia.org/wiki/Ludolph_van_Ceulen},
title = {{Ludolph van Ceulen}},
author = {{Wikipedia contributors}},
year = {2024},
urldate = {2024-11-28},
} 
@online{viete,
url = {https://en.wikipedia.org/wiki/Fran%C3%A7ois_Vi%C3%A8te},
title = {{François Viète}},
author = {{Wikipedia contributors}},
year = {2024},
urldate = {2024-11-28},
}

@online{tombstone,
url = {https://www.history-of-mathematics.org/artifacts/pi-tombstone},
title = {{π Tombstone of Ludolph van Ceulen}},
titleaddon = {{Approximations on the memorial of a π calculator}},
author = {{Eric Weisstein}},
date = {2024},
urldate = {2024-11-29},
}

@book{maor1998,
title = {{Trigonometric Delights}},
publisher = {Princeton University Press},
year = {1998},
author = {{Eli Maor}},
}
