@STRING{oup = "Oxford University Press"}
@STRING{cup = "Cambridge University Press"}
@STRING{pup = "Princeton University Press"}
@STRING{sv = "Springer-Verlag"}
@STRING{dp = "Dover Publications"}
@STRING{whf = "W H Freeman"}
@STRING{mgh = "McGraw-Hill"}
@STRING{wcbmgh = "WCB/McGraw-Hill"}
@STRING{ph = "Prentice-Hall"}
@STRING{phpei = "Prentice-Hall/Pearson Education International"}
@STRING{pph = "Pearson Prentice-Hall"}
@STRING{jw = "John Wiley \& Sons"}
@STRING{wi = "Wiley-InterScience"}
@STRING{aw = "Addison-Wesley"}
@STRING{awl = "Addison Wesley Longman"}
@STRING{long = "Longman"}
@STRING{aak = "Alfred A Knopf"}
@STRING{bctl = "Brooks/Cole-Thomson Learning"}
@STRING{crc = "CRC Press"}
@STRING{bc = "Brooks/Cole"}
@STRING{hb = "Harcourt Brace"}
@STRING{ap = "Academic Press"}
@STRING{wbs = "W. B. Saunders"}
@STRING{ora = "O'Reilly \& Associates"}
@STRING{elsv = "Elsevier"}
@STRING{ws = "World Scientific"}
@STRING{kluwer = "Kluwer Academic"}
@STRING{ieeepr = "IEEE Press"}
@STRING{pws = "PWS Publishing"}
@STRING{mlbd = "Motilal Banarsidass"}
@STRING{mm = "Munshiram Manoharlal"}
%
@STRING{ajr = "American Journal of Roentgenology"}
@STRING{jama = "Journal of the American Medical Association"}
@STRING{rad = "Radiology"}
@STRING{rg = "RadioGraphics"}
@STRING{can = "Cancer"}
@STRING{bjr = "The British Journal of Radiology"}
@STRING{cbmr = "Computers and Biomedical Research"}
@STRING{cvgip = "Computer Vision, Graphics, and Image Processing"}
@STRING{cmig = "Computerized Medical Imaging and Graphics"}
@STRING{acj = "Australian Computer Journal"}
@string{wrr = "Water Resources Research"}
@string{jcam = "Journal of Computer Assisted Microscopy"}
@STRING{irad = "Investigative Radiology"}
@STRING{pmb = "Physics in Medicine and Biology"}
@STRING{medphys = "Medical Physics"}
@STRING{jdi = "Journal of Digital Imaging"}
@STRING{josaa = "Journal of the Optical Society of America A"}
@STRING{ieee-emb = "IEEE Engineering in Medicine and Biology Magazine"}
@STRING{proc-ieee = "Proceedings of the IEEE"}
@STRING{pr = "Pattern Recognition"}
@STRING{cmpb = "Computer Methods and Programs in Biomedicine"}
@STRING{ieee-pami = "IEEE Transactions on Pattern Analysis and Machine
Intelligence"}
@STRING{ieee-bme = "IEEE Transactions in Biomedical Engineering"}
@STRING{ieee-smc = "IEEE Transactions on Systems, Man and Cybernetics"}
@STRING{ieee-tmi = "IEEE Transactions on Medical Imaging"}
@STRING{ieee-tfs = "IEEE Transactions on Fuzzy Systems"}
@STRING{ieee-tip = "IEEE Transactions on Image Processing"}
@STRING{ieee-c = "IEEE Transactions on Computers"}
@STRING{ajiips = "Australian Journal of Intelligent Information Processing Systems"}
@STRING{el = "Electronics Letters"}
@STRING{iee-smt = "IEE Proceedings---Science, Measurement and Technology"}
@STRING{ns = "New Scientist"}
