@misc{alfeldArchi,
	author = 	{Peter Alfeld},
	title = 	{{Archimedes and the Computation of Pi}},
	howpublished = 	{Published electronically},
    month = feb,
	year = 		{2004},
	note = 		{{Available from \url{http://www.math.utah.edu/~alfeld/Archimedes/Archimedes.html} [cited 17 February 2004]}}
}

@misc{lindseyArchi,
	author = 	{Chuck Lindsey},
	title = 	{{Archimedes' Approximation of Pi}},
	howpublished = 	{Published electronically},
    month = aug,
	year = 		{1997},
	note = 		{{Available from \url{http://itech.fgcu.edu/faculty/clindsey/mhf4404/archimedes/archimedes.html} [cited 17 February 2004]}}
}

@misc{golbaArchi,
	author = 	{Paul Golba},
	title = 	{{Archimedes (287? -212 B.C.)}},
	howpublished = 	{Published electronically},
    month = sep,
	year = 		{2000},
	note = 		{{Available from \url{http://www.shu.edu/projects/reals/history/archimed.html} [cited 17 February 2004]}}
}

@misc{reeseBuffon,
	author = 	{George Clifford Reese},
	title = 	{{Buffon's Needle: An Analysis and Simulation}},
	howpublished = 	{Published electronically},
    month = aug,
	year = 		{2003},
	note = 		{{Available from \url{http://www.mste.uiuc.edu/reese/buffon/buffon.html} [cited 17 February 2004]}}
}

@misc{hurbenBuffon,
	author = 	{Michael J Hurben},
	title = 	{{Buffon's Needle: An Analysis and Simulation}},
	howpublished = 	{Published electronically},
    month = mar,
	year = 		{1998},
	note = 		{{Available from \url{http://www.angelfire.com/wa/hurben/buff.html} [cited 17 February 2004]}}
}

@misc{piFib,
	author = 	{Ron D Knott},
	title = 	{{Pi and the Fibonacci Numbers}},
	howpublished = 	{Published electronically},
    month = oct,
	year = 		{2003},
	note = 		{{Available from \url{http://www.mcs.surrey.ac.uk/Personal/R.Knott/Fibonacci/fibpi.html} [cited 17 February 2004]}}
}

@misc{piComp,
	author = 	{Sayan Chakraborti},
	title = 	{{Calculating Pi :: The open source project for calculating Pi}},
	howpublished = 	{Published electronically},
    month = jan,
	year = 		{2003},
	note = 		{{Available from \url{http://projectpi.sourceforge.net/} [cited 17 February 2004]}}
}

@misc{piHistory,
	author = 	{J J {O'Connor} and E F Robertson},
	title = 	{A history of {P}i},
	howpublished = 	{Published electronically},
    month = aug,
	year = 		{2001},
	note = 		{{Available from \url{http://www-history.mcs.st-andrews.ac.uk/HistTopics/Pi_through_the_ages.html} [cited 14 March2004]}}
}
