@book{stillwell2010,
  title = {{Mathematics and Its History}},
  publisher = {Springer},
  year = {2010},
  author = {{John Stillwell}},
  edition = {3},
}
