@online{chodnicki2020,
url = {https://medium.com/swlh/why-a-0-0-and-other-proofs-of-the-obvious-da52dd0caefb},
title = {Why a·0=0 and Other Proofs of “the Obvious”},
titleaddon = {How “obvious” becomes “interesting” when we go back to first principles},
author = {Slawomir Chodnicki},
date = {2020-01-02},
urldate = {2023-11-12},
}
