@online{boyle1939,
url = {https://www.gutenberg.org/files/64988/64988-h/64988-h.htm},
title = {{The Youngest Camel}},
author = {Kay Boyle},
illustrator = {Fritz Kredel},
publisher = {Little, Brown, and Company},
date = {1939; ebook: 2021-04-04},
urldate = {2023-07-29},
}

@online{wilson2006,
url = {https://www.302aw.afrc.af.mil/News/Commentaries/Display/Article/191174/the-prison-of-hopelessness/},
title = {{The Prison of Hopelessness}},
author = {{Chaplain (Capt.) Tim Wilson}},
date = {2006-08-23},
urldate = {2023-11-26},
}

@book{renard2004,
title = {{The Disappearance of the Universe}},
publisher = {Hay House},
titleaddon = {{Straight Talk about Illusions, Past Lives, Religion, Sex, Politics, and the Miracles of Forgiveness}},
year = {2004},
author = {Gary R Renard},
}
