@book{rv-caste,
title =     {{Caste as Social Capital}},
author =    {{Vaidyanathan R}},
publisher = {Westland},
year =      {2019},
}

@book{das-dharma,
title =     {{The Difficulty of Being Good}},
subtitle = {{On the Subtle Art of Dharma}},
author =    {{Gurcharan Das}},
publisher = {Penguin},
year =      {2012},
}
