@book{perlcookbook2003,
title = {{Perl Cookbook}},
publisher = {O'Reilly},
year = {2003},
address = {Sebastopol, CA, USA},
author = {Tom Christiansen and Nathan Torkington},
page = {375},
edition = {2},
}

@book{zero2000,
title = {{The Nothing That Is: A Natural History of Zero}},
publisher = {Oxford University Press},
year = {2000},
author = {Robert Kaplan},
}

