@online{sas,
url = {https://swanlotus.netlify.app/sas-manuscript/SAS-partial.pdf},
title = {{Secrets of Academic Success}},
subtitle = {{Timeless Principles for Lifelong Learning}},
author = {{R (Chandra) Chandrasekhar}},
date = {2025},
urldate = {2025-02-11},
}

@online{foggy-maths-2023,
url = {https://www.youtube.com/watch?v=7Q4h1YTYgnE},
title = {{But where does the quadratic formula come from?}},
author = {{FoggyMaths}},
date = {2023},
urldate = {2025-02-15},
}

@online{mvp-2022,
url = {https://www.youtube.com/watch?v=T0HyWIFbsHQ},
title = {{Completing the Square (visual proof)}},
author = {{Mathematical Visual Proofs}},
date = {2022},
urldate = {2025-02-15},
}
