@book{,
 title = {},
 publisher = {},
 year = {},
 author = {}
}

@online{,
title = {},
url = {},
titleaddon = {},
author = {},
urldate = {}
}

@article{,
	author = {},
	title = {},
	journal = {},
	volume = {},
	pages = {},
	year = {},
  url = {},
urldate = {}
}
