@online{imagetragick2016,
url = {https://imagetragick.com/},
title = {ImageMagick Is On Fire — CVE-2016–3714},
author = {---},
urldate = {2021-03-08}
}

@online{imagemagicksource,
title = {ImageMagick 7},
url = {https://github.com/ImageMagick/ImageMagick},
author = {ImageMagick Studio LLC},
urldate = {2021-03-08}
}

