@Book{,
 title = {},
 publisher = {},
 year = {},
 author = {}
}

@online{,
url = {},
title = {},
titleaddon = {},
author = {},
urldate = {}
}