@online{frazier2019,
url = {https://www.linuxjournal.com/content/pattern-matching-bash},
title = {Pattern Matching In Bash},
author = {{Mitch Frazier}},
date = {2019-04-15},
urldate = {2023-02-28},
}

@online{glob2023,
url = {https://en.wikipedia.org/w/index.php?title=Glob_(programming)&oldid=1133836865},
title = {Glob (programming)},
author = {{Wikipedia}},
publisher={Wikipedia, The Free Encyclopedia.},
date = {2023-01-15},
urldate = {2023-02-28},
}

@online{gnupattern,
url = {https://www.gnu.org/software/bash/manual/html_node/Pattern-Matching.html},
title = {Pattern Matching},
date = {2022-09-26},
urldate = {2023-03-04},
}

@online{periodtest,
url = {https://unix.stackexchange.com/a/63374/11610},
title = {Test if a string has a period in it with bash},
author = {lmcanavals},
date = {2013-02-01},
urldate = {2023-03-04},
}

@online{equaltilde,
url = {https://unix.stackexchange.com/a/340485/11610},
title = {Bash test: what does "=~" do?},
author = {Kusalananda},
date = {2017-01-17},
urldate = {2023-03-04},
}

@online{substring,
url = {https://linuxize.com/post/how-to-check-if-string-contains-substring-in-bash/#google_vignette},
title = {How to Check if a String Contains a Substring in Bash},
author = {Linuxize},
date = {2019-07-19},
urldate = {2023-03-04},
}

@online{globbingref,
url = {https://unix.stackexchange.com/a/738684/11610},
title = {Unix. Run script across multiple dirs on specific files, where pathname has regex},
author = {Gilles Qu√©not},
date = {2023-03-05},
urldate = {2023-03-05},
}

@online{dottest,
url = {https://stackoverflow.com/a/2745096},
title = {Test for a dot in bash},
author = {Mark Byers},
date = {2010-04-30},
urldate = {2023-03-04},
}

@online{parametersubs,
url = {https://tldp.org/LDP/abs/html/parameter-substitution.html},
title = {Parameter Substitution},
author = {Mendel Cooper},
date = {2014-03-10},
urldate = {2023-03-04},
}

@online{stringops,
url = {https://www.oreilly.com/library/view/learning-the-bash/1565923472/ch04s03.html},
title = {String Operators},
author = {Cameron Newham and Bill Rosenblatt},
date = {1998-01-26},
urldate = {2023-03-04},
}

@book{newham2005,
title = {Learning the bash shell},
publisher = {O'Reilly},
year = {2005},
author = {Cameron Newham and Bill Rosenblatt},
edition = {3},
}



%
% https://wiki.bash-hackers.org/syntax/pe#substring_removal
%
% https://unix.stackexchange.com/questions/136353/history-of-bash-globbing
%
% https://stackoverflow.com/questions/44688460/bash-script-pattern-matching
%
% https://dev.to/zachgoll/intro-to-bash-regular-expressions-4d2p
%
% https://www.youtube.com/watch?v=IBIg0B_AoqM
%
% https://www.regular-expressions.info/tutorial.html
%
% https://www.regular-expressions.info/tutorial.html
%
% https://medium.com/factory-mind/regex-tutorial-a-simple-cheatsheet-by-examples-649dc1c3f285
%
% https://www.geeksforgeeks.org/write-regular-expressions/

