@online{julia-help,
url = {https://discourse.julialang.org/t/help-with-project-euler-2-undef-inits-printing-multiplication-by-juxtaposition-and-more/106930},
title = {{Help with Project Euler \#2\: undef inits, printing, multiplication by juxtaposition, and more}},
author = {Various},
date = {2023-11-30},
urldate = {2023-12-02},
}
