https://math.stackexchange.com/questions/283/is-0-a-natural-number

https://en.wikipedia.org/wiki/Natural_number
