@book{oneill80,
author ={John Jacob {O' Neill}},
title = {{Prodigal Genius: The Life of Nikola Tesla}},
publisher =     {Granada Publishing},
year =  {1980},
address =       {St Albans, Herts, UK}
}

@book{cheney81,
author ={Margaret Cheney},
title = {{Tesla: Man Out of Time}},
publisher =     {Prentice-Hall},
year =  {1981},
address =       {Englewood Cliffs, NJ, USA}
}

@book{john83,
editor ={Ben Johnston},
title = {{My Inventions: The Autobiography of Nikola Tesla}},
publisher =     {Hart Brothers},
year =  {1983},
address =       {Williston, VT, USA}
}

@misc{tesla19,
author ={Nikola Tesla},
title = {{My Inventions}},
		note = 			{{Six-part autobiography of Nikola Tesla, first published in the {\em Electrical Experimenter}, February--June and October, 1919.  Available online and retrieved 06 June 2006 from \url{http://www.tfcbooks.com/special/mi_link.htm} and from \url{http://www.teslaplay.com/autobody.htm}}}
}

@book{seifer98,
author ={Marc J Seifer},
title = {{Wizard: The Life and Times of Nikola Tesla : Biography of a Genius}},
publisher =     {Citadel Press},
		address = 		{New York, NY, USA},
		edition = 		{Reprint},
year =  {1998}
}

@book{lomas99,
author ={Robert Lomas},
title = {{The Man Who Invented the Twentieth Century: Nikola Tesla, Forgotten Genius of Electricity}},
publisher =     {Headline Book Publishing},
		address = 		{London, UK},
year =  {1999}
}
@book{bucke48,
author ={Richard Maurice Bucke},
title = {{Cosmic Consciousness: A Study in the Evolution of the Human Mind}},
publisher =     {E P Dutton},
year =  {1948},
		edition = 		{14th},
address =       {New York, USA}
}

@misc{grotz,
author ={Toby Grotz},
title = {{The Influence of Vedic Philosophy on Nikola Tesla's Understanding of Free Energy}},
note =  {{Retrieved 06 June 2006 from \url{http://www.mountainman.com.au/aether_1.html}}}
}

@misc{dobson,
author ={John Dobson},
title = {{The Equations of Maya}},
		year = 			{1993},
note =  {{Retrieved 06 June 2006 from \url{http://www.johndobson.org/articles/equations.html}}}
}

@misc{tesla-wiki,
author ={---},
title = {{Nikola Tesla}},
		year = 			{1993},
note =  {{Retrieved 06 June 2006 from \url{http://en.wikipedia.org/wiki/Nikola_tesla}}}
}

@misc{tfc,
author ={---},
title = {{Tesla Book List}},
note =  {{Retrieved 06 June 2006 from \url{http://www.tfcbooks.com/mall/booklist.htm}}}
}

@InCollection{kek100,
		author = {Eduard Farber},
		title = {{Dreams and Visions in a Century of Chemistry}},
		booktitle = {Kekul\'{e} {C}entennial},
		pages = {129--139},
		publisher = {American Chemical Society},
		year = {1966},
		volume = {61},
		series = {Advances in Chemsitry Series},
		chapter = {8},
		address = {Washington, DC, USA}
}

@Book{west91,
		author = {Thomas G West},
		title = {I{n the mind's eye: visual thinkers, gifted people with learning difficulties, computer images, and the ironies of creativity}},
		publisher = {Prometheus Books},
		year = {1991},
		address = {Buffalo, NY, USA}
}

@Book{kanigel91,
		author = {Robert Kanigel},
		title = {{The Man Who Knew Infinity: A Life of the Genius Ramanujan}},
		publisher = {Charles Scribner's Sons},
		year = {1991},
		address = {New York, NY, USA}
}

@Book{ludwig95,
		author = {Arnold M Ludwig},
		title = {{The Price of Greatness: resolving the creativity and controversy}},
		publisher = {The Guildford Press},
		year = {1995},
		address = {New York, NY, USA}
}

@Book{laberge85,
		author = {Stephen {LaB}erge},
		title = {{Lucid Dreaming}},
		publisher = {Jeremy P Tarcher},
		year = {1985},
		address = {Los Angeles, CA, USA}
}

@Book{mckim80,
		author = {Robert H {McK}im},
		title = {{Thinking Visually: a strategy manual for problem solving}},
		publisher = {Lifetime Learning Publications},
		year = {1980},
		address = {Belmont, CA, USA}
}

@Book{mckim72,
		author = {Robert H {McK}im},
		title = {{Experiences in Visual Thinking}},
		publisher = {Brooks/Cole},
		year = {1972},
		address = {Belmont, CA, USA}
}

@Book{hen98,
		author = {Linda Dalrymple Henderson},
		title = {{Duchamp in Context: Science and Technology in the {L}arge {G}lass	and Related Works}},
		publisher = {Princeton University Press},
		year = {1998},
		address = {Princeton, NJ, USA},
}

@book{weisberg86,
author ={Robert Weisberg},
title = {{Creativity: genius and other myths}},
publisher =     {W H Freeman},
year =  {1986},
address =       {New York, NY, USA}
}

@book{koestler64,
author ={Arthur Koestler},
title = {{The Act of Creation}},
publisher =     {Macmillan},
year =  {1964},
address =       {New York, NY, USA}
}

@book{jung64,
editor ={Carl G Jung et al.},
title = {{Man and his Symbols}},
publisher =     {Aldus Books},
year =  {1964},
address =       {London, UK}
}

@book{agra01,
editor ={Madan Mohan Agrawal},
title = {{Six Systems of Indian Philosophy}},
publisher =     {Chaukamba Sanskrit Pratishthan},
year =  {2001},
address =       {New Delhi, India}
}

@book{springer89,
editor ={Sally P Springer and Georg Deutsch},
title = {{Left Brain, Right Brain}},
publisher =     {W H Freeman},
year =  {1989},
address =       {New York, NY, USA}
}

@InCollection{laberge2000,
		author = {Stephen {LaB}erge and Jayne Gackenbach},
		title = {{Lucid Dreaming}},
		booktitle = {Varieties of Anomalous Experience: Examining the Scientific
		Evidence},
		pages = {151--182},
		publisher = {American Psychological Association},
		year = {2000},
		editor = {Etzel {Carde\~{n}a} and Steven Jay Lynn and Stanley Krippner},
		chapter = {5},
		address = {Washington, DC, USA}
}

@InCollection{marks00,
		author = {Lawrence E Marks},
		title = {Synesthesia},
		booktitle = {{Varieties of Anomalous Experience: Examining the Scientific Evidence}},
		pages = {121--149},
		publisher = {American Psychological Association},
		year = {2000},
		editor = {Etzel {Carde\~{n}a} and Steven Jay Lynn and Stanley Krippner},
		chapter = {4},
		address = {Washington, DC, USA}
}

@book{holton78,
editor ={Gerald Holton},
title = {The Scientific Imagination: Case Studies},
publisher =     {Cambridge University Press},
year =  {1978},
address =       {New York, NY, USA}
}

@Book{findlay37,
		author = {Alexander Findlay},
		title = {{A Hundred Years of Chemistry}},
		publisher = {Duckworth},
		year = {1937},
		address = {London, UK}
}

@Book{frith90,
		author = {Uta Frith},
		title = {{Autism: Explaining the Enigma}},
		publisher = {Basil Blackwell},
		year = {1990},
		address = {Oxford, UK}
}
@Book{silver02,
		author = {Linda Kreger Silverman},
		title = {{Upside-Down Brilliance: The Visual-Spatial Learner}},
		publisher = {De Leon Publishing},
		year = {2002},
		address = {Denver, CO, USA}
}

@misc{kekules-dream,
author ={---},
title = {{Kekule's Dream}},
url =  {https://www.youtube.com/watch?v=2NRwd-JJFm4},
accessed = {2021-02-21},
note = {Low resolution video dramatization of Kekul√©'s famous dream that helped elucidate the structure of the benzene molecule}
}

@misc{einstein-yr,
author ={---},
title = {{Einstein Year---A year Celebrating Physics---Did
you know?}},
		year = 			{2004},
note =  {{Retrieved 26 May 2006 from \url{http://www.einsteinyear.org/facts/physicsFacts}}}
}

@misc{tesla-home,
author ={J. Michael Newlight},
title = {{TESLA} {H}ome {P}age},
note =  {{This web page is a portal to several other web pages which are not individually cited; retrieved 26 June 2006 from \url{http://www.teslaplay.com/homepage.htm}}}
}

@misc{tesla-pbs,
author ={Robert {Uth (director)}},
title = {{PBS: Tesla---Master of Lightning}},
note =  {{Retrieved 26 June 2006 from \url{http://www.pbs.org/tesla/index.html}}}
}

@online{tesla-pbs-bio,
author ={Robert Uth and Margaret Cheney},
title = {{PBS: Tesla---Master of Lightning: Who Was Nikola
Tesla?}},
url = {https://www.pbs.org/tesla/},
urldate = {2006-06-26}
}

@misc{blume04,
		author ={Harvey Blume},
title = {{Autism \& The Internet or It's The Wiring, Stupid}},
note =  {{Retrieved 26 June 2006 from \url{http://web.mit.edu/comm-forum/papers/blume.html}}}
}

@misc{tesla-faq,
author ={---},
title = {{Tesla's Mind | Tesla FAQ No. 4 | Interesting Facts
About Nikola Tesla}},
note =  {{Retrieved 26 June 2006 from \url{http://www.tfcbooks.com/teslafaq/q&a_004.htm}}}
}
{T}
@misc{peterson05,
		author ={Gary Peterson},
title = {{TWP Question \& Answer Forum}},
		year =			{1998--2005},
note =  {{Retrieved 26 June 2006 from \url{http://www.teslascience.org/pages/questions.htm}}}
}

@misc{tesla-energy,
		author ={Nikola Tesla},
title = {{The Problem Of Increasing Human Energy: With Special
References to the Harnessing of the Sun's Energy}},
note =  {{Retrieved 26 June 2006 from \url{http://www.pbs.org/tesla/res/res_art09.html}}}
}

@misc{tesla-cosmic,
		author ={Nikola Tesla},
title = {{How Cosmic Forces Shape Our Destinies: (``Did the War
Cause the Italian Earthquake'')}},
note =  {{Retrieved 26 June 2006 from \url{http://www.pbs.org/tesla/res/res_art10.html}}}
}

@InCollection{heil03,
		author = 		{J L Heilbron},
		title = 		{Ether},
		booktitle = 	{{The Oxford Companion to the History of Modern
Science}},
		publisher = 	{Oxford University Press},
		year = 			{2003},
		editor = 		{J L Heilbron},
		note = 			{{Oxford Reference Online.  Oxford University Press.}}
}

@Article{tesla-personal,
author = {Nikola Tesla},
title = {{Some Personal Recollections}},
journal = {Scientific American},
year = {1915},
month = {05 June},
note = {Available online and retrieved 06 June 2006 from \url{ http://www.pbs.org/tesla/res/res_art01.html}}
}

@Article{justin06,
author = {Renate G Justin},
title = {{Otto Loewi's Great Dreams}},
journal = {The Permanente Journal},
year = {2006},
volume = {10},
number = {2},
pages = {70--71},
note = {Available online and retrieved 09 August 2006 from \url{http://xnet.kp.org/permanentejournal/summer06/otto.pdf}}
}

@Book{zeki93,
		author = {Semir Zeki},
		title = {{A Vision of the Brain}},
		publisher = {Blackwell Scientific Publications},
		year = {1993},
		address = {Oxford, UK}
}

@Book{hubel88,
		author = {David H Hubel},
		title = {{Eye, Brain, and Vision}},
		publisher = {Scientific American Library},
		year = {1988},
		address = {New York, NY, USA}
}

@book{pvi97,
editor ={William R Hendee and Peter N T Wells},
title = {{The Perception of Visual Information}},
publisher = 	{Springer Verlag},
year =  {1997},
address =       {New York, USA},
edition =       {2nd}
}

@book{cytowic96,
author ={Richard Edmund Cytowic},
title = {{The Man Who Tasted Shapes}},
publisher = 	{Abacus},
year =  {1996},
address =       {London, UK}
}

@article{loewi2014,
author = {Alli N McCoy and Yong Siang Tan},
title = {{Otto Loewi (1873--1961): Dreamer and Nobel laureate}},
journal = {Singapore Medical Journal},
volume = {55},
number = {1},
pages = {3--4},
url = {https://www.ncbi.nlm.nih.gov/pmc/articles/PMC4291908/},
urldate = {2021-02-21}
}
