@online{goulding2020,
title = {{What is Rust and why is it so popular?}},
url = {https://stackoverflow.blog/2020/01/20/what-is-rust-and-why-is-it-so-popular/},
author = {{Jake Goulding}},
date = {2020-01-20 },
urldate = {2021-08-01},
}

@online{perkel2020,
title = {{Why scientists are turning to Rust}},
url = {https://www.nature.com/articles/d41586-020-03382-2},
titleaddon = {Despite having a steep learning curve, the programming language offers speed and safety.},
author = {{Jeffrey M Perkel}},
date = {2020-12-01},
urldate = {2021-08-01},
}

@online{mostloved2020,
title = {{Stack Overflow Developer Survey 2020}},
url = {https://insights.stackoverflow.com/survey/2020#most-loved-dreaded-and-wanted},
titleaddon = {{Most Loved, Dreaded, and Wanted Languages}},
author = {---},
publisher = {Stack Overflow},
urldate = {2021-08-01},
}

@online{rust,
title = {{Rust}},
url = {https://research.mozilla.org/rust/},
author = {---},
date = {---},
urldate = {2021-08-01},
}

@online{dreimanis2020,
title = {{9 Companies That Use Rust in Production}},
url = {https://serokell.io/blog/rust-companies},
author = {{Gints Dreimanis}},
date = {2020-11-08},
urldate = {2021-08-01},
}

@online{sas,
url = {https://swanlotus.netlify.app/sas-manuscript/SAS-partial.pdf},
title = {{Secrets of Academic Success}},
titleaddon = {{Timeless Principles for Lifelong Learning}},
author = {{R (Chandra) Chandrasekhar}},
date = {2023},
urldate = {2023-11-24},
}
