@book{demorgan05,
author = {Augustus {De Morgan}},
title = {On the Study and Difficulties of Mathematics},
publisher = {Dover Publications},
address = {Mineola, NY, USA},
year = {2005},
note = {{D}over {P}hoenix edition}
}}
