@online{typst01,
    url = {https://news.ycombinator.com/item?id=35250210},
    title = {{Typst, a new markup-based typesetting system, is now open source}},
    author = {{reknih}},
    date = {2023-03-21},
    urldate = {2024-01-01},
}

@online{typst02,
    url = {https://www.reddit.com/r/rust/comments/18001dr/check_out_typst_a_modern_latex_alternative},
    title = {{Check out Typst, a modern LaTeX alternative written in Rust}},
    author = {{desperado339}},
    date = {2023-11-21},
    urldate = {2024-01-01},
}

@online{xiang2020,
    url = {https://www.alanshawn.com/tech/2020/10/04/latex3-tutorial.html},
    title = {{LaTeX3: Programming in LaTeX with Ease}},
    author = {{Alan Xiang}},
    date = {2020-10-04},
    urldate = {2024-01-01},
}

@online{typstref,
    url = {https://typst.app/docs/reference/},
    title = {{typst Documentation: Reference}},
    author = {{Martin Haug and Laurenz MÃ¤dje}},
    date = {2023},
    urldate = {2024-01-07},
}


