@book{,
title = {{}},
publisher = {},
year = {},
author = {{}},
}

@online{,
url = {},
title = {},
titleaddon = {},
author = {},
date = {},
urldate = {},
}

@article{,
author = {},
title = {},
journal = {},
volume = {},
pages = {},
year = {},
url = {},
urldate = {},
}
