@book{dedekind,
  title = {{Essays on the Theory of Numbers}},
  publisher = {Dover Publications},
  year = {1963},
  author = {{Richard Dedekind}},
}

@book{bressoud2007,
  title = {{A Radical Approach to Real Analysis}},
  publisher = {The Mathematical Association of America},
  year = {2007},
  author = {David M Bressoud},
  series = {Classroom Resource Materials},
  edition = {2},
}

@book{abbott2001,
  title = {Understanding Analysis},
  publisher = {Springer-Verlag},
  year = {2001},
  author = {Stephen Abbott},
}

@book{courantrobbins1996,
  title = {What is Mathematics},
  subtitle = {An Elementary Approach to Ideas and Methods},
  publisher = {Oxford University Press},
  year = {1996},
  author = {Richard Courant and Herbert Robbins},
  edition = {2},
  note = {Revised by Ian Stewart},
}

@book{gardiner1982,
  title = {Infinite Processes: Background to Analysis},
  publisher = {Springer-Verlag},
  year = {1982},
  author = {Anthony Gardiner},
}

@book{gardiner2002,
  title = {Understanding Infinity: The Mathematics of Infinite Processes},
  publisher = {Dover Publications},
  year = {2002},
  addendum = {Unabridged republication, with some new material, of the work
              published as \textit{Infinite Processes: Background to Analysis} by
              Springer-Verlag, New York, in 1982. The revised Preface and list of
              errata were prepared especially for this edition by the author.},
  author = {Anthony Gardiner},
}

@book{ghorpadelimaye2006,
  title = {A Course in Calculus and Real Analysis},
  publisher = {Springer Nature Switzerland AG},
  year = {2006},
  author = {Sudhir R Ghorpade and Balmohan V Limaye},
}

@book{brannan2006,
  title = {A First Course in Mathematical Analysis},
  publisher = {Cambridge University Press},
  year = {2006},
  author = {David Alexander Brannan},
}

@book{beyer2010,
  title = {Calculus and Analysis: A Combined Approach},
  publisher = {John Wiley \& Sons},
  author = {Horst Reinhard Beyer},
  year = {2010},
}

@book{schinazi2012,
  title = {From Calculus to Analysis},
  publisher = {Birkhäuser/Springer},
  year = {2012},
  author = {Rinaldo B Schinazi},
}

@book{rosenlicht1986,
  title = {Introduction to Analysis},
  publisher = {Dover Publications},
  year = {1986},
  author = {Maxwell Rosenlicht},
  addendum = {Unabridged and unaltered republication of the work first published
              in 1968 by Scott, Foresman and Company, Glenview, Illinois.},
}

@book{morash1987,
  title = {Bridge To Abstract Mathematics},
  subtitle = {Mathematical Proof and Structures},
  publisher = {Random House/Birkhauser},
  year = {1987},
  author = {Ronald P Morash},
  series = {Random House/Birkhäuser Mathematics Series},
  addendum = {Available online at \url{
              http://archive.org/details/bridgetoabstract00mora}.},
  urldate = {2012-12-11},
}

@book{exner1999,
  title = {Inside Calculus},
  publisher = {Springer},
  year = {1999},
  author = {George R Exner},
}

@book{tao-one-2022,
  title = {{Analysis I}},
  publisher = {Springer Nature Singapore and Hindustan Book Agency},
  year = {2022},
  edition = {4},
  author = {{Terence Tao}},
  series = {{Texts and Readings in Mathematics 37}},
}

@book{tao-two-2022,
  title = {{Analysis II}},
  publisher = {Springer Nature Singapore and Hindustan Book Agency},
  year = {2022},
  edition = {4},
  author = {{Terence Tao}},
  series = {{Texts and Readings in Mathematics 38}},
}

@book{courant-john-one,
  title = {{Introduction to Calculus and Analysis, Volume I}},
  volume = {I},
  publisher = {Springer-Verlag},
  year = {1989},
  author = {{Richard Courant and Fritz John}},
}

@book{courant-john-two,
  title = {{Introduction to Calculus and Analysis, Volume II}},
  volume = {II},
  publisher = {Springer-Verlag},
  year = {1989},
  author = {{Richard Courant and Fritz John}},
}

@book{alsina-nelsen-2009,
  title = {When Less is More: Visualizing Basic Inequalities},
  publisher = {The Mathematical Association of America},
  year = {2009},
  author = {Claudi Alsina and Roger B Nelsen},
}

@book{beckenbach-bellman-1962,
  title = {An Introduction to Inequalities},
  publisher = {The Mathematical Association of America},
  year = {1962},
  author = {Edwin Beckenbach and Richard Bellman},
}

@book{kazarinoff-1961,
  title = {Geometric Inequalities},
  publisher = {The Mathematical Association of America},
  year = {1961},
  author = {Nicholas D Kazarinoff},
}

@book{hight-1977,
  title = {{A Concept of Limits}},
  publisher = {Dover Publications},
  year = {1977},
  author = {{Donald W Hight}},
}

@book{zorich-one-2015,
  title = {{Mathematical Analysis I}},
  edition = {2},
  publisher = {Springer-Verlag Berlin and Heidelberg},
  year = {2015},
  author = {Vladimir A Zorich},
}

@book{zorich-two-2016,
  title = {{Mathematical Analysis II}},
  edition = {2},
  publisher = {Springer-Verlag Berlin and Heidelberg},
  year = {2016},
  author = {Vladimir A Zorich},
}

@book{rosenlicht1986,
  title = {{Introduction to Analysis}},
  publisher = {Dover Publications},
  year = {1986},
  author = {Maxwell Rosenlicht},
  addendum = {Unabridged and unaltered republication of the work first published
              in 1968 by Scott, Foresman and Company, Glenview, Illinois.},
}
