@book{,
title = {{}},
subtitle = {{}},
publisher = {},
year = {},
edition = {},
author = {{}},
}

@online{,
url = {},
title = {{}},
titleaddon = {{}},
author = {{}},
date = {},
urldate = {},
}

@article{,
author = {{}},
title = {{}},
journal = {{}},
volume = {},
pages = {},
year = {},
url = {},
urldate = {},
}
