@online{kronecker,
url = {https://en.wikipedia.org/wiki/Leopold_Kronecker},
title = {{Leopold Kronecker---Wikipedia, The Free Encyclopedia}},
author = {Wikipedia contributors},
year = {2023},
urldate = {2023-12-06},
}

@online{black2019,
url = {https://xlinux.nist.gov/dads/HTML/squareRoot.html},
title = {{Square Root}},
titleaddon = {{Dictionary of Algorithms and Data Structures}},
author = {Paul E Black},
date = {2019-05-06},
urldate = {2023-12-08},
}

@online{ujjwalsingh2021,
url = {https://www.cantorsparadise.com/the-square-root-algorithm-f97ab5c29d6d},
title = {{The Square Root Algorithm}},
author = {Ujjwal Singh},
date = {2021-08-21},
urldate = {2023-12-08},
}

@online{cuemathsqrt,
title = {{Square Root of 2}},
url = {https://www.cuemath.com/algebra/square-root-of-2/},
author = {---},
date = {2023},
urldate = {2023-12-09},
}

@online{proofwikisqrt2,
url = {https://proofwiki.org/wiki/Continued_Fraction_Expansion_of_Irrational_Square_Root/Examples/2},
title = {"Continued Fraction Expansion of Irrational Square Root/Examples/2"},
author = {---},
date = {2023},
urldate = {2023-12-09},
}

@online{period,
url = {https://math.stackexchange.com/questions/140583/compute-the-period-of-a-decimal-number-a-priori},
title = {{Compute the period of a decimal number a priori}},
author = {Aslan986 and Ross Millikan and Bill Dubuque},
date = {2012-05-03},
urldate = {2023-12-13},
}

@book{davenport2008,
title = {{The Higher Arithmetic}},
subtitle = {{An Introduction to the Theory of Numbers}},
publisher = {Cambridge University Press},
edition = {8},
year = {2008},
author = {Harold Davenport and James H Davenport},
}

@book{niven1991,
title = {{An Introduction to the Theory of Numbers}},
publisher = {John Wiley \& Sons},
edition = {5},
year = {1991},
author = {Ian Niven and Herbert S Zuckerman and Hugh L Montgomery},
}

@book{simoson2019,
title = {{Exploring Continued Fractions}},
subtitle = {{From the Integers to Solar Eclipses}},
publisher = {MAA Press/American Mathematical Society},
year = {2019},
author = {Andrew J Simoson},
series = {Dolciani Mathematical Expositions},
vol = {53},
}

@book{olds1963,
title = {{Continued Fractions}},
publisher = {Random House},
year = {1963},
author = {{C D Olds}},
series = {{New Mathematical Library}},
vol = {9},
}

@book{loya2017,
title = {{Amazing and Aesthetic Aspects of Analysis}},
publisher = {Springer},
year = {2017},
author = {{Paul Loya}},
}

