@book{kkop1966,
title = {{An Introduction to Linear Analysis}},
author = {Donald L Kreider and Robert G Kuller and Donald R Ostberg and Fred W Perkins},
publisher = {Addison-Wesley Publishing Company},
year = {1966},
series = {Addison-Wesley Series in Mathematics}
}

@book{strang2016,
title = {{Introduction to Linear Algebra}},
author = {Gilbert Strang},
publisher = {Wellesley-Cambridge Press},
edition = {5},
year = {2016}
}
