@book{strogatz-2019,
title = {{Infinite Powers}},
subtitle = {{How calculus reveals the secrets of the universe}},
publisher = {Houghton Mifflin Harcourt},
year = {2019},
author = {{Steven H Strogatz}},
}

@book{blanchard-devaney-hall-2012,
title = {{Differential Equations}},
publisher = {Brooks Cole/Cengage Learning},
year = {2012},
edition = {4},
author = {{Paul Blanchard and Robert L Devaney and Glen R Hall}},
}
